<?xml version="1.0"?>
<records xmlns="http://www.openarchives.org/OAI/2.0/">
  <record>
    <header>
      <identifier>oai:mst.rochester.edu:105</identifier>
    </header>
    <metadata>
      <marc:record xmlns:marc="http://www.loc.gov/MARC21/slim" xmlns:xsi="http://www.w3.org/2001/XMLSchema-instance" xsi:schemaLocation="http://www.loc.gov/MARC21/slim http://www.loc.gov/standards/marcxml/schema/MARC21slim.xsd">
        <marc:leader>03162pam a2200505 a 45&amp;#x2019;0</marc:leader>
        <marc:controlfield tag="001">3158810</marc:controlfield>
        <marc:controlfield tag="005">20070912123955.0</marc:controlfield>
        <marc:controlfield tag="008">060714s2006    onc      b    001 0 eng  </marc:controlfield>
        <marc:datafield tag="016" ind1=" " ind2=" ">
          <marc:subfield code="a">20059066369</marc:subfield>
        </marc:datafield>
        <marc:datafield tag="020" ind1=" " ind2=" ">
          <marc:subfield code="a">0802039456 :</marc:subfield>
          <marc:subfield code="c">$100.00</marc:subfield>
        </marc:datafield>
        <marc:datafield tag="024" ind1="7" ind2=" ">
          <marc:subfield code="a">99813543188</marc:subfield>
          <marc:subfield code="2">YBP</marc:subfield>
        </marc:datafield>
        <marc:datafield tag="024" ind1="3" ind2=" ">
          <marc:subfield code="a">9780802039453</marc:subfield>
        </marc:datafield>
        <marc:datafield tag="029" ind1="0" ind2=" ">
          <marc:subfield code="a">NLC</marc:subfield>
          <marc:subfield code="b">20059066369</marc:subfield>
        </marc:datafield>
        <marc:datafield tag="035" ind1=" " ind2=" ">
          <marc:subfield code="a">(OCoLC)ocm70266304</marc:subfield>
        </marc:datafield>
        <marc:datafield tag="035" ind1=" " ind2=" ">
          <marc:subfield code="a">3158810</marc:subfield>
        </marc:datafield>
        <marc:datafield tag="040" ind1=" " ind2=" ">
          <marc:subfield code="a">NLC</marc:subfield>
          <marc:subfield code="b">eng</marc:subfield>
          <marc:subfield code="c">NLC</marc:subfield>
          <marc:subfield code="d">OrLoB-B</marc:subfield>
        </marc:datafield>
        <marc:datafield tag="049" ind1=" " ind2=" ">
          <marc:subfield code="a">RRRR</marc:subfield>
        </marc:datafield>
        <marc:datafield tag="050" ind1=" " ind2="0">
          <marc:subfield code="a">PN75.F7</marc:subfield>
          <marc:subfield code="b">A2 2006</marc:subfield>
        </marc:datafield>
        <marc:datafield tag="055" ind1="0" ind2="2">
          <marc:subfield code="a">PN56*</marc:subfield>
        </marc:datafield>
        <marc:datafield tag="055" ind1=" " ind2="0">
          <marc:subfield code="a">PN56 R6</marc:subfield>
          <marc:subfield code="b">F72 2006</marc:subfield>
        </marc:datafield>
        <marc:datafield tag="055" ind1="0" ind2="0">
          <marc:subfield code="a">PN56 R6</marc:subfield>
          <marc:subfield code="b">F72 2006</marc:subfield>
        </marc:datafield>
        <marc:datafield tag="082" ind1="0" ind2=" ">
          <marc:subfield code="a">801/.95</marc:subfield>
          <marc:subfield code="2">22</marc:subfield>
        </marc:datafield>
        <marc:datafield tag="100" ind1="1" ind2=" ">
          <marc:subfield code="a">Frye, Northrop.</marc:subfield>
        </marc:datafield>
        <marc:datafield tag="245" ind1="1" ind2="4">
          <marc:subfield code="a">The Secular Scripture and other writings on critical theory, 1976-1991 /</marc:subfield>
          <marc:subfield code="c">[Northrop Frye] ; edited by Joseph Adamson and Jean Wilson.</marc:subfield>
        </marc:datafield>
        <marc:datafield tag="260" ind1=" " ind2=" ">
          <marc:subfield code="a">Toronto :</marc:subfield>
          <marc:subfield code="b">University of Toronto Press,</marc:subfield>
          <marc:subfield code="c">c2006.</marc:subfield>
        </marc:datafield>
        <marc:datafield tag="300" ind1=" " ind2=" ">
          <marc:subfield code="a">xliii, 588 p. ;</marc:subfield>
          <marc:subfield code="c">25 cm.</marc:subfield>
        </marc:datafield>
        <marc:datafield tag="490" ind1="1" ind2=" ">
          <marc:subfield code="a">Collected works of Northrop Frye ;</marc:subfield>
          <marc:subfield code="v">v. 18</marc:subfield>
        </marc:datafield>
        <marc:datafield tag="504" ind1=" " ind2=" ">
          <marc:subfield code="a">Includes bibliographical references and index.</marc:subfield>
        </marc:datafield>
        <marc:datafield tag="505" ind1="0" ind2="0">
          <marc:subfield code="g">1.</marc:subfield>
          <marc:subfield code="t">The secular scripture : a study of the structure of romance --</marc:subfield>
          <marc:subfield code="g">I.</marc:subfield>
          <marc:subfield code="t">The word and world of man --</marc:subfield>
          <marc:subfield code="g">II.</marc:subfield>
          <marc:subfield code="t">The context of romance --</marc:subfield>
          <marc:subfield code="g">III.</marc:subfield>
          <marc:subfield code="t">Our lady of pain : heroes and heroines of romance --</marc:subfield>
          <marc:subfield code="g">IV.</marc:subfield>
          <marc:subfield code="t">The bottomless dream : themes of descent --</marc:subfield>
          <marc:subfield code="g">V.</marc:subfield>
          <marc:subfield code="t">Quis Hic Locus? : themes of ascent --</marc:subfield>
          <marc:subfield code="g">VI.</marc:subfield>
          <marc:subfield code="t">The recovery of myth --</marc:subfield>
          <marc:subfield code="g">2.</marc:subfield>
          <marc:subfield code="t">Romance as masque --</marc:subfield>
          <marc:subfield code="g">3.</marc:subfield>
          <marc:subfield code="t">Letter to the editor of Parabola --</marc:subfield>
          <marc:subfield code="g">4.</marc:subfield>
          <marc:subfield code="t">The responsibilities of the critic --</marc:subfield>
          <marc:subfield code="g">5.</marc:subfield>
          <marc:subfield code="t">Comment on Peter Hughes's essay --</marc:subfield>
          <marc:subfield code="g">6.</marc:subfield>
          <marc:subfield code="t">Literature, history, and language --</marc:subfield>
          <marc:subfield code="g">7.</marc:subfield>
          <marc:subfield code="t">On translation --</marc:subfield>
          <marc:subfield code="g">8.</marc:subfield>
          <marc:subfield code="t">Extracts from The practical imagination : stories, poems, plays --</marc:subfield>
          <marc:subfield code="g">9.</marc:subfield>
          <marc:subfield code="t">Vision and cosmos --</marc:subfield>
          <marc:subfield code="g">10.</marc:subfield>
          <marc:subfield code="t">Literature as a critique of pure reason --</marc:subfield>
          <marc:subfield code="g">11.</marc:subfield>
          <marc:subfield code="t">Approaching the lyric --</marc:subfield>
          <marc:subfield code="g">12.</marc:subfield>
          <marc:subfield code="t">The survival of eros in poetry --</marc:subfield>
          <marc:subfield code="g">13.</marc:subfield>
          <marc:subfield code="t">The ouroboros --</marc:subfield>
          <marc:subfield code="g">14.</marc:subfield>
          <marc:subfield code="t">Literary and linguistic scholarship in a postliterate world --</marc:subfield>
          <marc:subfield code="g">15.</marc:subfield>
          <marc:subfield code="t">The end of history --</marc:subfield>
          <marc:subfield code="g">16.</marc:subfield>
          <marc:subfield code="t">Myth as the matrix of literature --</marc:subfield>
          <marc:subfield code="g">17.</marc:subfield>
          <marc:subfield code="t">The Koine of myth : myth as a universally intellible language --</marc:subfield>
          <marc:subfield code="g">18.</marc:subfield>
          <marc:subfield code="t">The symbol as a medium of exchange --</marc:subfield>
          <marc:subfield code="g">19.</marc:subfield>
          <marc:subfield code="t">The expanding world of metaphor --</marc:subfield>
          <marc:subfield code="g">20.</marc:subfield>
          <marc:subfield code="t">Extracts from The Harper handbook to literature --</marc:subfield>
          <marc:subfield code="g">21.</marc:subfield>
          <marc:subfield code="t">Letter to the editor of PMLA --</marc:subfield>
          <marc:subfield code="g">22.</marc:subfield>
          <marc:subfield code="t">Lacan and the full word --</marc:subfield>
          <marc:subfield code="g">23.</marc:subfield>
          <marc:subfield code="t">Literature and the visual arts --</marc:subfield>
          <marc:subfield code="g">24.</marc:subfield>
          <marc:subfield code="t">The journey as metaphor --</marc:subfield>
          <marc:subfield code="g">25.</marc:subfield>
          <marc:subfield code="t">Framework and assumption --</marc:subfield>
          <marc:subfield code="g">26.</marc:subfield>
          <marc:subfield code="t">Maps and territories --</marc:subfield>
          <marc:subfield code="g">27.</marc:subfield>
          <marc:subfield code="t">Epilogo --</marc:subfield>
          <marc:subfield code="g">28.</marc:subfield>
          <marc:subfield code="t">Auguries of experience --</marc:subfield>
          <marc:subfield code="g">29.</marc:subfield>
          <marc:subfield code="t">Literary and mechanical models --</marc:subfield>
          <marc:subfield code="g">30.</marc:subfield>
          <marc:subfield code="t">Literature as therapy --</marc:subfield>
          <marc:subfield code="g">31.</marc:subfield>
          <marc:subfield code="t">Response to papers on "Northrup Frye and eighteenth-century literature"</marc:subfield>
        </marc:datafield>
        <marc:datafield tag="650" ind1=" " ind2="0">
          <marc:subfield code="a">Criticism.</marc:subfield>
        </marc:datafield>
        <marc:datafield tag="650" ind1=" " ind2="0">
          <marc:subfield code="a">Critical theory.</marc:subfield>
        </marc:datafield>
        <marc:datafield tag="650" ind1=" " ind2="0">
          <marc:subfield code="a">Literature</marc:subfield>
          <marc:subfield code="x">History and criticism.</marc:subfield>
        </marc:datafield>
        <marc:datafield tag="650" ind1=" " ind2="0">
          <marc:subfield code="a">Romance literature</marc:subfield>
          <marc:subfield code="x">History and criticism</marc:subfield>
          <marc:subfield code="x">Theory, etc.</marc:subfield>
        </marc:datafield>
        <marc:datafield tag="650" ind1=" " ind2="6">
          <marc:subfield code="a">Critique.</marc:subfield>
        </marc:datafield>
        <marc:datafield tag="650" ind1=" " ind2="6">
          <marc:subfield code="a">The&#x301;orie critique.</marc:subfield>
        </marc:datafield>
        <marc:datafield tag="650" ind1=" " ind2="6">
          <marc:subfield code="a">Litte&#x301;rature</marc:subfield>
          <marc:subfield code="x">Histoire et critique.</marc:subfield>
        </marc:datafield>
        <marc:datafield tag="650" ind1=" " ind2="6">
          <marc:subfield code="a">Litte&#x301;rature romane</marc:subfield>
          <marc:subfield code="x">Histoire et critique</marc:subfield>
          <marc:subfield code="x">The&#x301;orie, etc.</marc:subfield>
        </marc:datafield>
        <marc:datafield tag="700" ind1="1" ind2=" ">
          <marc:subfield code="a">Adamson, Joseph,</marc:subfield>
          <marc:subfield code="d">1950-</marc:subfield>
        </marc:datafield>
        <marc:datafield tag="700" ind1="1" ind2=" ">
          <marc:subfield code="a">Wilson, Jean.</marc:subfield>
        </marc:datafield>
        <marc:datafield tag="800" ind1="1" ind2=" ">
          <marc:subfield code="a">Frye, Northrop.</marc:subfield>
          <marc:subfield code="t">Works.</marc:subfield>
          <marc:subfield code="f">1996 ;</marc:subfield>
          <marc:subfield code="v">v. 18.</marc:subfield>
        </marc:datafield>
        <marc:datafield tag="945" ind1=" " ind2=" ">
          <marc:subfield code="a">PromptCat</marc:subfield>
        </marc:datafield>
        <marc:datafield tag="949" ind1=" " ind2=" ">
          <marc:subfield code="b">39087028933531</marc:subfield>
        </marc:datafield>
        <marc:datafield tag="980" ind1=" " ind2=" ">
          <marc:subfield code="a">2006-07-18</marc:subfield>
          <marc:subfield code="b">100</marc:subfield>
          <marc:subfield code="e">84</marc:subfield>
          <marc:subfield code="f">924833</marc:subfield>
          <marc:subfield code="g">1</marc:subfield>
        </marc:datafield>
        <marc:datafield tag="994" ind1=" " ind2=" ">
          <marc:subfield code="a">92</marc:subfield>
          <marc:subfield code="b">RRR</marc:subfield>
        </marc:datafield>
        <marc:datafield tag="945" ind1=" " ind2=" ">
          <marc:subfield code="a">MARS</marc:subfield>
        </marc:datafield>
      </marc:record>
    </metadata>
  </record>
</records>
